<?xml version="1.0" encoding="UTF-8"?><record xmlns="http://www.loc.gov/MARC21/slim" xmlns:cinclude="http://apache.org/cocoon/include/1.0" xmlns:zs="http://www.loc.gov/zing/srw/">
  <leader>00615nz  a2200145n  4500</leader>
  <controlfield tag="001">no2010001122</controlfield>
  <controlfield tag="003">DLC</controlfield>
  <controlfield tag="005">20100107075803.0</controlfield>
  <controlfield tag="008">100105n| acannaabn          |a aaa     c</controlfield>
  <datafield tag="010" ind1=" " ind2=" ">
    <subfield code="a">no2010001122</subfield>
  </datafield>
  <datafield tag="035" ind1=" " ind2=" ">
    <subfield code="a">(OCoLC)oca08350847</subfield>
  </datafield>
  <datafield tag="040" ind1=" " ind2=" ">
    <subfield code="a">MX-SlUA</subfield>
    <subfield code="b">eng</subfield>
    <subfield code="c">MX-SlUA</subfield>
  </datafield>
  <datafield tag="100" ind1="1" ind2=" ">
    <subfield code="a">Celestino Santillán, Sandra Guadalupe</subfield>
  </datafield>
  <datafield tag="400" ind1="1" ind2=" ">
    <subfield code="a">Santillán, Sandra Guadalupe Celestino</subfield>
  </datafield>
  <datafield tag="670" ind1=" " ind2=" ">
    <subfield code="a">Caracterización nutricional de semillas alternativas para su uso en la producción avicola en zonas rurales, 2008:</subfield>
    <subfield code="b">t.p. (Sandra Guadalupe Celestino Santillán; Universidad Autónoma de San Luis Potosí; Ingeniero Agroindustrial)</subfield>
  </datafield>
</record>